@article{cat,
title = {Which graphs are determined by their spectrum?},
journal = {Linear Algebra and its Applications},
volume = {373},
pages = {241-272},
year = {2003},
note = {Combinatorial Matrix Theory Conference (Pohang, 2002)},
issn = {0024-3795},
doi = {https://doi.org/10.1016/S0024-3795(03)00483-X},
url = {https://www.sciencedirect.com/science/article/pii/S002437950300483X},
author = {Edwin R. {van Dam} and Willem H. Haemers},
keywords = {Spectra of graphs, Eigenvalues, Cospectral graphs, Distance-regular graphs},
abstract = {For almost all graphs the answer to the question in the title is still unknown. Here we survey the cases for which the answer is known. Not only the adjacency matrix, but also other types of matrices, such as the Laplacian matrix, are considered.}
}

@Book{dmc,
author={Cvetkovi{\'{c}}, Drago{\v{s}} M.
and Doob, Michael.
and Sachs, Horst.},
title={Spectra of graphs : theory and application},
series={Pure and applied mathematics ; 87},
year={1980},
publisher={Academic Press},
address={New York},
keywords={Graph theory},
note={Bibliography: p. [324]-359.},
isbn={0121951502}
}


